@book{Richard:2005,
  author    = {Taruskin, Richard.},
  address   = {New York},
  booktitle = {The Oxford history of western music},
  isbn      = {0195169794},
  keywords  = {Music -- History and criticism},
  language  = {eng},
  lccn      = {2004017897},
  publisher = {Oxford University Press},
  title     = {The Oxford history of western music },
  year      = {2005}
}